@Article{CrinaGrosan2008,
  author  = {Crina Grosan, Ajith Abraham},
  journal = {IEEE Transactions on Systems, Man, and Cybernetics-Part A: Systems and Humans},
  title   = {A New Approach for Solving Nonlinear Equations Systems},
  year    = {2008},
}

@Article{Raffin2021,
  author  = {Antonin Raffin and Ashley Hill and Adam Gleave and Anssi Kanervisto and Maximilian Ernestus and Noah Dormann},
  journal = {Journal of Machine Learning Research},
  title   = {Stable-Baselines3: Reliable Reinforcement Learning Implementations},
  year    = {2021},
  number  = {268},
  pages   = {1-8},
  volume  = {22},
  url     = {http://jmlr.org/papers/v22/20-1364.html},
}

@Article{Merzigera,
  author  = {Merziger, Gerhard and Guenter, Mühlbach and Wille, Detlef and Wirth, Thomas},
  journal = {Binomi Verlag},
  title   = {{Formeln + Hilfen Höhere Mathematik}},
}

@Article{Towers2023,
  author  = {Towers, Mark and Terry, Jordan K. and Kwiatkowski, Ariel and Balis, John U. and Cola, Gianluca de and Deleu, Tristan and Goulão, Manuel and Kallinteris, Andreas and KG, Arjun and Krimmel, Markus and Perez-Vicente, Rodrigo and Pierré, Andrea and Schulhoff, Sander and Tai, Jun Jet and Shen, Andrew Tan Jin and Younis, Omar G.},
  journal = {Zenodo},
  title   = {Gymnasium},
  year    = {2023},
  month   = mar,
  doi     = {10.5281/zenodo.8127026},
  url     = {https://zenodo.org/record/8127025},
}

@Article{Lia2022,
  author = {Lia, Zuowen and Li, Shuijia},
  title  = {Solving Nonlinear Equations Systems with an Enhanced Reinforcement Learning Based Differential Evolution},
  year   = {2022},
  month  = mar,
  number = {1},
  volume = {2},
}

@Comment{jabref-meta: databaseType:bibtex;}
